<record><leader>00000cas a2200000 a 4500</leader><controlfield tag="001">10598431</controlfield><controlfield tag="008">840405d18831885iluwr ne      0   a0eng c</controlfield><datafield ind1=" " ind2=" " tag="010"><subfield code="a">sn 84024170 </subfield></datafield><datafield ind1=" " ind2=" " tag="040"><subfield code="a">NPV</subfield><subfield code="b">eng</subfield><subfield code="c">NPV</subfield><subfield code="d">OCL</subfield><subfield code="d">NVF</subfield><subfield code="d">OCLCQ</subfield><subfield code="d">NVF</subfield><subfield code="d">OCLCQ</subfield><subfield code="d">OCLCF</subfield><subfield code="d">NVF</subfield><subfield code="d">OCLCO</subfield></datafield><datafield ind1="1" ind2=" " tag="029"><subfield code="a">AU@</subfield><subfield code="b">000020490480</subfield></datafield><datafield ind1=" " ind2=" " tag="042"><subfield code="a">pcc</subfield></datafield><datafield ind1=" " ind2=" " tag="043"><subfield code="a">n-us-il</subfield></datafield><datafield ind1="0" ind2="0" tag="245"><subfield code="a">Freeport journal and Republican.</subfield></datafield><datafield ind1="1" ind2="7" tag="246"><subfield code="a">Freeport weekly journal and Republican</subfield></datafield><datafield ind1=" " ind2=" " tag="260"><subfield code="a">Freeport, Ill. :</subfield><subfield code="b">F. Chas. Donohue,</subfield><subfield code="c">1883-1885.</subfield></datafield><datafield ind1=" " ind2=" " tag="300"><subfield code="a">v. ;</subfield><subfield code="c">55 cm.</subfield></datafield><datafield ind1=" " ind2=" " tag="310"><subfield code="a">Weekly</subfield></datafield><datafield ind1="0" ind2=" " tag="362"><subfield code="a">Vol. 28, no. 3 (Apr. 18, 1883)-v. 29, no. 43 (Jan. 21, 1885).</subfield></datafield><datafield ind1=" " ind2=" " tag="515"><subfield code="a">Continues the numbering of Freeport journal (Freeport, Ill. : 1866).</subfield></datafield><datafield ind1=" " ind2=" " tag="580"><subfield code="a">Daily ed.: Daily journal and Republican, 1883-1885.</subfield></datafield><datafield ind1=" " ind2=" " tag="580"><subfield code="a">Formed by the union of: Freeport journal (Freeport, Ill. : 1866) and: Freeport Republican.</subfield></datafield><datafield ind1=" " ind2="0" tag="651"><subfield code="a">Freeport (Ill.)</subfield><subfield code="v">Newspapers.</subfield></datafield><datafield ind1=" " ind2="7" tag="651"><subfield code="a">Illinois</subfield><subfield code="z">Freeport.</subfield><subfield code="2">fast</subfield><subfield code="0">(OCoLC)fst01217738</subfield></datafield><datafield ind1=" " ind2="7" tag="655"><subfield code="a">Newspapers.</subfield><subfield code="2">fast</subfield><subfield code="0">(OCoLC)fst01423814</subfield></datafield><datafield ind1=" " ind2=" " tag="752"><subfield code="a">United States</subfield><subfield code="b">Illinois</subfield><subfield code="c">Stephenson</subfield><subfield code="d">Freeport.</subfield></datafield><datafield ind1="1" ind2=" " tag="775"><subfield code="t">Daily journal and Republican</subfield><subfield code="w">(DLC)sn 93056072</subfield><subfield code="w">(OCoLC)28919760</subfield></datafield><datafield ind1="1" ind2="4" tag="780"><subfield code="t">Freeport journal (Freeport, Ill. : 1866)</subfield><subfield code="w">(DLC)sn 84024171</subfield><subfield code="w">(OCoLC)10599914</subfield></datafield><datafield ind1="1" ind2="4" tag="780"><subfield code="t">Freeport Republican</subfield><subfield code="w">(DLC)sn 93056068</subfield><subfield code="w">(OCoLC)28919260</subfield></datafield><datafield ind1="0" ind2="0" tag="785"><subfield code="t">Freeport journal (Freeport, Ill. : 1885)</subfield><subfield code="w">(DLC)sn 84024164</subfield><subfield code="w">(OCoLC)10598227</subfield></datafield></record>